@mastersthesis{vieira2005controle,
  author       = {Frederico Carvalho Vieira},
  title        = {Controle Dinâmico de Robôs Móveis com Acionamento Diferencial},
  school       = {Universidade Federal do Rio Grande do Norte},
  type         = {Dissertação de Mestrado},
  year         = {2005},
  address      = {Natal--RN, Brasil},
  month        = feb,
  advisor      = {Adelardo Adelino Dantas de Medeiros},
  note         = {Disponível em PDF}
}

@book{ogata1997modern,
  author    = {Katsuhiko Ogata},
  title     = {Modern Control Engineering},
  publisher = {Prentice Hall},
  edition   = {3rd},
  year      = {1997}
}
